@misc{webstorm, 
    title={Webstorm - The smartest JavaScript IDE},
    author = {Jetbrains},
    howpublished={\url{https://www.jetbrains.com/webstorm/}}, 
    note={[Online] Accessed: 2019-10-29}
}

@misc{faviconcc, 
    title={Globe Favicon},
    author = {favicon.cc},
    howpublished={\url{https://www.favicon.cc/?action=icon&file_id=850007}}, 
    note={[Online] Accessed: 2019-10-26}
}

@misc{jain2003user,
  title={User-definable images in bookmarks},
  author={Jain, Anuj Kumar},
  year={2003},
  month=feb # "~13",
  publisher={Google Patents},
  note={US Patent App. 09/478,585}
}

@misc{open-sans-font, 
    title={BEAUTIFUL INTERNET: 10 OF THE BEST FONTS FOR THE WEB},
    author = {Eric, Groves},
    howpublished={\url{https://www.flyinghippo.com/blog/10-web-fonts-write-home/}}, 
    note={[Online] Accessed: 2019-10-27}
}

@misc{w3-css-icons, 
    title={W3.CSS Icons},
    author = {W3C},
    howpublished={\url{https://www.w3schools.com/w3css/w3css_icons.asp}}, 
    note={[Online] Accessed: 2019-10-27}
}

@misc{chrome-dev-tools, 
    title={Get Started With Viewing And Changing The DOM},
    author = {Kayce, Basques},
    howpublished={\url{https://developers.google.com/web/tools/chrome-devtools/dom/}},
    note={[Online] Accessed: 2019-10-29}
}

@misc{menucool, 
    title={Responsive Image Grids with Transitional Effects when Hovered},
    author = {Menucool},
    howpublished={\url{http://www.menucool.com/ui/responsive-image-grid-with-hover-effect}},
    note={[Online] Accessed: 2019-10-28}
}

@misc{w3s-image-modals, 
    title={How TO - Modal Images},
    author = {W3School},
    howpublished={\url{https://www.w3schools.com/howto/howto_css_modal_images.asp}},
    note={[Online] Accessed: 2019-10-27}
}

@misc{responsive-media-queries, 
    title={Responsive Web Design - Media Queries},
    author = {W3School},
    howpublished={\url{https://www.w3schools.com/css/css_rwd_mediaqueries.asp}},
    note={[Online] Accessed: 2019-10-28}
}

@misc{responsive-navbar, 
    title={How TO - Responsive Top Navigation},
    author = {W3School},
    howpublished={\url{https://www.w3schools.com/howto/howto_js_topnav_responsive.asp}},
    note={[Online] Accessed: 2019-10-28}
}

@article{dilley2002globally,
  title={Globally distributed content delivery},
  author={Dilley, John and Maggs, Bruce and Parikh, Jay and Prokop, Harald and Sitaraman, Ramesh and Weihl, Bill},
  journal={IEEE Internet Computing},
  volume={6},
  number={5},
  pages={50--58},
  year={2002},
  publisher={IEEE}
}

@misc{css-focus, 
    title={CSS :focus Selector},
    author = {W3School},
    howpublished={\url{https://www.w3schools.com/cssref/sel_focus.asp}},
    note={[Online] Accessed: 2019-10-28}
}